<?xml version="1.0" encoding="UTF-8" ?>
<record Numero="13908538" format="InterXMarc_Complet" type="Authority">
<leader>00335c1 au22000272  45  <Pos Code="0004">00335</Pos>
<Pos Code="05" Sens="notice modifiée">c</Pos>
<Pos Code="06" Sens="notice validée en catalogage courant">1</Pos>
<Pos Code="08" Sens="notice d&apos;autorité">a</Pos>
<Pos Code="09" Sens="titre uniforme musical (TUM)">u</Pos>
<Pos Code="10">2</Pos>
<Pos Code="11">2</Pos>
<Pos Code="1216">00027</Pos>
<Pos Code="17" Sens="autres cas">2</Pos>
<Pos Code="20">4</Pos>
<Pos Code="21">5</Pos>
</leader>
<controlfield tag="001">FRBNF139085382<Pos Code="0001">FR</Pos>
<Pos Code="0204">BNF</Pos>
<Pos Code="0512">13908538</Pos>
<Pos Code="13">2</Pos>
</controlfield>
<controlfield tag="008">890821980303yy    dv        1954      ....                   1   <Pos Code="0001">89</Pos>
<Pos Code="0203">08</Pos>
<Pos Code="0405">21</Pos>
<Pos Code="0607">98</Pos>
<Pos Code="0809">03</Pos>
<Pos Code="1011">03</Pos>
<Pos Code="1213" Sens="ne s&apos;applique pas">yy</Pos>
<Pos Code="1820">dv </Pos>
<Pos Code="2831">1954</Pos>
<Pos Code="3841">....</Pos>
<Pos Code="61" Sens="La vedette peut être liée à une notice bibliographique sauf pour l&apos;accès matière RAMEAU">1</Pos>
</controlfield>
<datafield tag="048" ind1=" " ind2=" ">
	<subfield code="a">sa01<Pos Code="0001" Sens="cordes frottées - violon">sa</Pos>
<Pos Code="02">0</Pos>
<Pos Code="03">1</Pos>
</subfield>
	<subfield code="a">oc01<Pos Code="0001" Sens="orchestre - orchestre à cordes 4 parties">oc</Pos>
<Pos Code="02">0</Pos>
<Pos Code="03">1</Pos>
</subfield>
	<subfield code="a">pn01<Pos Code="0001" Sens="percussion - non spécifié">pn</Pos>
<Pos Code="02">0</Pos>
<Pos Code="03">1</Pos>
</subfield>
</datafield>
<datafield tag="100" ind1=" " ind2=" ">
	<subfield code="3">13891433</subfield>
	<subfield code="w">.0..b.....</subfield>
	<subfield code="a">Bernstein</subfield>
	<subfield code="m">Leonard</subfield>
	<subfield code="d">1918-1990</subfield>
</datafield>
<datafield tag="144" ind1="1" ind2=" ">
	<subfield code="w">....b.....</subfield>
	<subfield code="a">Serenade</subfield>
</datafield>
<datafield tag="600" ind1=" " ind2=" ">
	<subfield code="a">D&apos;après le Symposium de Platon</subfield>
</datafield>
<datafield tag="600" ind1=" " ind2=" ">
	<subfield code="a">Date de composition : 1954</subfield>
</datafield>
<datafield tag="610" ind1=" " ind2=" ">
	<subfield code="a">Grove 6</subfield>
</datafield>
<datafield tag="917" ind1=" " ind2=" ">
	<subfield code="o">OPC</subfield>
	<subfield code="a">100369930</subfield>
</datafield>
<Alter Ori="13891433">
<datafield tag="400" ind1=" " ind2=" ">
	<subfield code="w">. .2b.....</subfield>
	<subfield code="a">Amber</subfield>
	<subfield code="m">Lenny</subfield>
	<subfield code="d">1918-1990</subfield>
</datafield>
</Alter>
<Attr Nom="IDPerenne">ark:/12148/cb139085384</Attr>
<Attr Nom="NumSource">OPC 100369930</Attr>
<Attr Nom="Source" Sens="BnF catalogue général (depuis 1999)">A</Attr>
<Attr Nom="NumAutoriteLiee">13891433</Attr>
<Attr Nom="DateCreation">21/08/ 1989</Attr>
<Attr Nom="ResponsableCreation">MIGV2</Attr>
<Attr Nom="StructCreation">1</Attr>
<Attr Nom="DateDerniereValidation">08/11/ 2010</Attr>
<Attr Nom="ResponsableDerniereValidation">MIGV4</Attr>
<Attr Nom="StructPremiereValidation">1</Attr>
<Attr Nom="DatePremiereValidation">21/08/ 1989</Attr>
<Attr Nom="ResponsablePremiereValidation">MIGV2</Attr>
<Attr Nom="StructDerniereValidation">1</Attr>
<Attr Nom="NumSource">OPP 13857789</Attr>
</record>
